
@article{Yamada-2012,
	Author = {Minoru Yamada and Tomoki Aoyama and Shuhei Mori et al.},
	Title = {Objective assessment of abnormal gait in patients with rheumatoid arthritis using a smartphone},
	Journal = {{Rheumatol Int}},
	Volume = {32},
	Number = {12},
	Month = dec,
	Pages = {3869-3874},
	Year = {2012}
	}

@article{Parisa-2009,
	Author = {Parisa Rashidi and Diane J. Cook},
	Title = {Keeping the Resident in the Loop: Adapting the Smart Home to the User},
	Journal = {{IEEE Transactions on Systems, Man, and Cybernetics - Part A: Systems and Humans}},
	Volume = {39},
	Number = {5},
	Month = sep,
	Pages = {949-959},
	Year = {2009}
	}

@article{Shyamal-2012,
	Author = {Shyamal Patel and Hyung Park and Paolo Bonato and Leighton Chan and Mary Rodgers},
	Title = {A review of wearable sensors and systems with application in rehabilitation},
	Journal = {{Journal of NeuroEngineering and Rehabilitation}},
	Volume = {21},
	Number = {9},
	Month = apr,
	Year = {2012}
	}

@inproceedings{Akin-2010,
	Author = {Akin Avci and Stephan Bosch and Mihai Marin-Perianu and Raluca Marin-Perianu and Paul Havinga},
	Title = {{Activity Recognition Using Inertial Sensing for Healthcare, Wellbeing and Sports Applications: A Survey}},
	Booktitle = {{23th International Conference on Architecture of Computing Systems}},
	Address = {{Hannover, Germany}},
	Month = feb,
	Year = {2010}
	}

@article{Matthias-2013,
	Author = {Matthias Kranz and Andreas Moller and Nils Hammerla and Stefan Diewald  and Thomas Plotz and Patrick Olivier and Luis Roalter},
	Title = {The mobile fitness coach: Towards individualized skill assessment using personalized mobile devices},
	Journal = {{Pervasive and Mobile Computing}},
	Volume = {9},
	Number = {2},
	Month = apr,
	Pages = {203-215},
	Year = {2013}
	}
	
@article{Thomas-2008,
	Author = {Thomas Stiefmeier and Daniel Roggen and Georg Ogris and Paul Lukowicz and Gerhard Troster},
	Title = {Wearable Activity Tracking in Car Manufacturing},
	Journal = {{IEEE Pervasive Computing}},
	Volume = {7},
	Number = {2},
	Month = apr,
	Pages = {42-50},
	Year = {2008}
	}
	
@inproceedings{Hueihan-2013,
	Author = {Hueihan Jhuang and Juergen Gall and Silvia Zuffi and Cordelia Schmid and Michael J. Black},
	Title = {{Towards Understanding Action Recognition}},
	Booktitle = {{IEEE International Conference on Computer Vision}},
	Address = {{Sydney, NSW, Australia}},
	Month = dec,
	Year = {2013}
	}
	
@inproceedings{Ferda-2013,
	Author = {Ferda Ofli and Rizwan Chaudhry and Gregorij Kurillo and Rene Vidal and Ruzena Bajcsy},
	Title = {{Berkeley MHAD: A comprehensive Multimodal Human Action Database}},
	Booktitle = {{IEEE Workshop on Applications of Computer Vision}},
	Address = {{Clearwater Beach, FL, United States}},
	Month = jan,
	Year = {2013}
	}

@article{2017-mfi-actionrecognition,
	Author = {Inhwan Hwang and Geonho Cha and and Songhwai Oh},
	Title = {Multi-Modal Human Action Recognition Using Deep Neural Networks Fusing Image and Inertial Sensor Data},
	Journal = {{Expert Systems with Applications}},
	Volume = {105},
	Month = sep,
	Pages = {42-50},
	Year = {2018}
	}

@inproceedings{base-paper,
	Author = {Korbinian Frankz and Maria Josefa Vera Nadalesz and Patrick Robertsonz and Michael Angermannz},
	Title = {{Reliable Real-Time Recognition of Motion Related Human Activities Using MEMS Inertial Sensors}},
	Booktitle = {{ION GNSS}},
	Address = {{Portland, Oregon, USA}},
	Month = sep,
	Year = {2010}
	}
	
@inproceedings{jian-2015,
	Author = {Jian Bo Yang and Minh Nhut Nguyen and Phyo Phyo San and Xiao Li Li and Shonali Krishnaswamy},
	Title = {{Deep convolutional neural networks on multichannel time series for human activity recognition}},
	Booktitle = {{IJCAI'15 Proceedings of the 24th International Conference on Artificial Intelligence}},
	Address = {{Buenos Aires, Argentina}},
	Month = jul,
	Year = {2015}
	}
	
@inproceedings{nils-2016,
	Author = {Nils Y. Hammerla and Shane Halloran and Thomas Plotz},
	Title = {{Deep, Convolutional, and Recurrent Models for Human Activity Recognition Using Wearables}},
	Booktitle = {{Proceedings of the Twenty-Fifth International Joint Conference on Artificial Intelligence (IJCAI)}},
	Address = {{New York, New York, USA}},
	Month = apr,
	Year = {2016}
	}
	
@article{Valarezo-2017,
	Author = {E Valarezo and Rivera Patricio and M J Park and Gi Geon and Y T Kim and Park M and Al-antari Mugahed and Al-masni Mohammed and T Kim},
	Title = {Human Activity Recognition Using a Single Wrist IMU Sensor via Deep Learning Convolutional and Recurrent Neural Nets},
	Journal = {{Journal of ICT, Design, Engineering and Technological Science}},
	Volume = {1},
	Number = {1},
	Month = jan,
	Pages = {1-5},
	Year = {2017}
	}
	
@article{Andreas-2014,
	Author = {Andreas Bulling and Andreas Bulling and Bernt Schiele},
	Title = {A Tutorial on Human Activity Recognition Using Body-worn Inertial Sensors},
	Journal = {{ACM Computing Surveys (CSUR)}},
	Volume = {46},
	Number = {3},
	Month = jan,
	Pages = {1-33},
	Year = {2014}
	}
	
@article{Francisco-2014,
	Author = {Francisco Javier Ordonez and Gwenn Englebienne and Paula de Toledo and Tim van Kasteren and Araceli Sanchis and Ben Krose},
	Title = {In-Home Activity Recognition: Bayesian Inference for Hidden Markov Models},
	Journal = {{IEEE Pervasive Computing}},
	Volume = {13},
	Number = {3},
	Month = sep,
	Pages = {67-75},
	Year = {2014}
	}
	
@inproceedings{Daniel-2015,
	Author = {Daniel RoggenLuis Ponce CuspineraGuilherme PomboFalah AliLong-Van Nguyen-Dinh},
	Title = {{Limited-Memory Warping LCSS for Real-Time Low-Power Pattern Recognition in Wireless Nodes}},
	Booktitle = {{European Conference on Wireless Sensor Networks}},
	Address = {{Porto, Portugal}},
	Month = feb,
	Year = {2015}
	}
	
@inproceedings{Grzezick-2017,
	Author = {Grzezick Rene and Lenk Jan Marius and Rueda Fernando Moya and Fink Gernot A and Feldhorst Sascha and Ten Hompel Michael},
	Title = {{Deep neural network based human activity recognition for the order picking process}},
	Booktitle = {{International Workshop on Sensor-based Activity Recognition (iWOAR)}},
	Address = {{Rostock, Germany}},
	Month = sep,
	Year = {2017}
	}
	
@article{su-2016,
	Author = {S.U. Park and J.H. Park and M.A. Al-masni and M.A. Al-antari and Md.Z. Uddin and T.-S. Kim},
	Title = {A Depth Camera-based Human Activity Recognition via Deep Learning Recurrent Neural Network for Health and Social Care Services},
	Journal = {{Procedia Computer Science}},
	Volume = {100},
	Pages = {78-84},
	Year = {2016}
	}
	
@inproceedings{alessandro-2016,
	Author = {Alessandro Manzi and Filippo Cavallo and Paolo Dario},
	Title = {{A 3D Human Posture Approach for Activity Recognition Based on Depth Camera}},
	Booktitle = {{European Conference on Computer Vision}},
	Address = {{Amsterdam, The Netherlands}},
	Month = oct,
	Year = {2016}
	}
	
@article{Pascal-2010,
	Author = {Pascal Vincent and Hugo Larochelle and Isabelle Lajoie and Yoshua Bengio and Pierre-Antoine Manzagol},
	Title = {Stacked Denoising Autoencoders: Learning Useful Representations in a Deep Network with a Local Denoising Criterion},
	Journal = {{The Journal of Machine Learning Research}},
	Volume = {11},
	Month = jan,
	Pages = {3371-3408},
	Year = {2010}
	}
	
@inproceedings{terry-2017,
	Author = {Terry Taewoong Um and Franz Michael Josef Pfister and Daniel Pichler and Satoshi Endo and Muriel Lang and Sandra Hirche and Urban Fietzek, Dana Kulić},
	Title = {{Data Augmentation of Wearable Sensor Data for Parkinson's Disease Monitoring using Convolutional Neural Networks}},
	Booktitle = {{Proceedings of the 19th ACM International Conference on Multimodal Interaction}},
	Address = {{Glasgow, United Kingdom}},
	Month = nov,
	Year = {2017}
	}
	
@inproceedings{xi-2015,
	Author = {Xi Zhang and Yanwei Fu and Shanshan Jiang and Leonid Sigal and Gady Agam},
	Title = {{Learning from Synthetic Data Using a Stacked Multichannel Autoencoder}},
	Booktitle = {{IEEE 14th International Conference on Machine Learning and Applications (ICMLA)}},
	Address = {{Miami, FL, USA}},
	Month = dec,
	Year = {2015}
	}
	
@techreport{resnets-2015,
	Author = {Kaiming He and Xiangyu Zhang and Shaoqing Ren and Jian Sun},
	Title = {{Deep Residual Learning for Image Recognition}},
	Institution = {{Microsoft}},
	Month = dec,
	Year = {2015}
	}

@article{sensors-2018,
	Author = {Frédéric Li and Kimiaki Shirahama and Muhammad Adeel Nisar and Lukas Koping and Marcin Grzegorzek},
	Title = {Comparison of Feature Learning Methods for Human Activity Recognition using Wearable Sensors},
	Journal = {{Sensors}},
	Volume = {18},
	Number = {2},
	Pages = {Article No. 679},
	Year = {2018}
	}